<record><leader>00000cas a2200000 a 4500</leader><controlfield tag="001">15358831</controlfield><controlfield tag="008">870324d18501852nyuwr ne      0    0eng c</controlfield><datafield ind1=" " ind2=" " tag="010"><subfield code="a">sn 87060178 </subfield></datafield><datafield ind1=" " ind2=" " tag="040"><subfield code="a">KNP</subfield><subfield code="b">eng</subfield><subfield code="c">KNP</subfield><subfield code="d">ONP</subfield><subfield code="d">KNP</subfield><subfield code="d">MGN</subfield><subfield code="d">YOX</subfield><subfield code="d">NVF</subfield><subfield code="d">OCL</subfield><subfield code="d">CVF</subfield><subfield code="d">OCL</subfield><subfield code="d">NYS</subfield><subfield code="d">OCLCQ</subfield><subfield code="d">NYS</subfield><subfield code="d">GUA</subfield><subfield code="d">KRTAS</subfield><subfield code="d">OCLCQ</subfield><subfield code="d">OCLCF</subfield><subfield code="d">OCLCO</subfield></datafield><datafield ind1="1" ind2=" " tag="029"><subfield code="a">AU@</subfield><subfield code="b">000005316578</subfield></datafield><datafield ind1=" " ind2=" " tag="042"><subfield code="a">pcc</subfield></datafield><datafield ind1=" " ind2=" " tag="043"><subfield code="a">n-us-ny</subfield></datafield><datafield ind1="0" ind2="4" tag="245"><subfield code="a">The New-York evangelist and New-York Presbyterian.</subfield></datafield><datafield ind1="3" ind2="0" tag="246"><subfield code="a">New York evangelist</subfield></datafield><datafield ind1="1" ind2="3" tag="246"><subfield code="a">New York Presbyterian</subfield></datafield><datafield ind1=" " ind2=" " tag="260"><subfield code="a">New-York [N.Y.] :</subfield><subfield code="b">W.H. Bidwell,</subfield><subfield code="c">1850-1852.</subfield></datafield><datafield ind1=" " ind2=" " tag="300"><subfield code="a">v.</subfield></datafield><datafield ind1=" " ind2=" " tag="310"><subfield code="a">Weekly</subfield></datafield><datafield ind1="0" ind2=" " tag="362"><subfield code="a">Vol. 21, no. 18 (May 2, 1850)-v. 23, no. 53 (Dec. 30, 1852).</subfield></datafield><datafield ind1=" " ind2=" " tag="515"><subfield code="a">Issues for May 2, 1850-&lt;Dec. 25, 1851&gt; called also whole no. 1049-&lt;1135&gt;</subfield></datafield><datafield ind1=" " ind2=" " tag="530"><subfield code="a">Also issued on microfilm from University Microfilms International (American periodical series: 1800-1850); also available online.</subfield></datafield><datafield ind1=" " ind2=" " tag="580"><subfield code="a">Formed by the union of: New-York Presbyterian, and New-York evangelist (New York, N.Y. : 1830).</subfield></datafield><datafield ind1=" " ind2="0" tag="650"><subfield code="a">Evangelistic work</subfield><subfield code="z">New York (State)</subfield><subfield code="z">New York</subfield><subfield code="v">Newspapers.</subfield></datafield><datafield ind1=" " ind2="0" tag="650"><subfield code="a">Presbyterians</subfield><subfield code="z">New York (State)</subfield><subfield code="z">New York</subfield><subfield code="v">Newspapers.</subfield></datafield><datafield ind1=" " ind2="0" tag="651"><subfield code="a">New York (N.Y.)</subfield><subfield code="v">Newspapers.</subfield></datafield><datafield ind1=" " ind2="0" tag="651"><subfield code="a">New York County (N.Y.)</subfield><subfield code="v">Newspapers.</subfield></datafield><datafield ind1=" " ind2="7" tag="655"><subfield code="a">Newspapers.</subfield><subfield code="2">fast</subfield><subfield code="0">(OCoLC)fst01423814</subfield></datafield><datafield ind1=" " ind2="7" tag="650"><subfield code="a">Evangelistic work.</subfield><subfield code="2">fast</subfield><subfield code="0">(OCoLC)fst00917035</subfield></datafield><datafield ind1=" " ind2="7" tag="650"><subfield code="a">Presbyterians.</subfield><subfield code="2">fast</subfield><subfield code="0">(OCoLC)fst01075567</subfield></datafield><datafield ind1=" " ind2="7" tag="651"><subfield code="a">New York (State)</subfield><subfield code="z">New York.</subfield><subfield code="2">fast</subfield><subfield code="0">(OCoLC)fst01204333</subfield></datafield><datafield ind1=" " ind2="7" tag="651"><subfield code="a">New York (State)</subfield><subfield code="z">New York County.</subfield><subfield code="2">fast</subfield><subfield code="0">(OCoLC)fst01234953</subfield></datafield><datafield ind1=" " ind2=" " tag="752"><subfield code="a">United States</subfield><subfield code="b">New York</subfield><subfield code="c">New York</subfield><subfield code="d">New York.</subfield></datafield><datafield ind1="1" ind2=" " tag="776"><subfield code="t">New-York evangelist and New-York Presbyterian (Online)</subfield><subfield code="w">(DLC)  2008266616</subfield><subfield code="w">(OCoLC)71000997</subfield></datafield><datafield ind1="1" ind2="4" tag="780"><subfield code="t">New-York Presbyterian</subfield><subfield code="w">(DLC)sn 93062959</subfield><subfield code="w">(OCoLC)8245285</subfield></datafield><datafield ind1="1" ind2="4" tag="780"><subfield code="t">New-York evangelist (New York, N.Y. : 1830)</subfield><subfield code="w">(DLC)sn 85054545</subfield><subfield code="w">(OCoLC)2264966</subfield></datafield><datafield ind1="0" ind2="0" tag="785"><subfield code="t">New-York evangelist (New York, N.Y. : 1853)</subfield><subfield code="w">(DLC)sn 93058756</subfield><subfield code="w">(OCoLC)27690739</subfield></datafield><datafield ind1="4" ind2="1" tag="856"><subfield code="u">http://proquest.umi.com/pqdweb</subfield></datafield><datafield ind1=" " ind2=" " tag="938"><subfield code="a">Kirtas Technologies, Inc.</subfield><subfield code="b">KRTS</subfield><subfield code="n">740073</subfield></datafield></record>